<?xml version="1.0" encoding="UTF-8"?><record xmlns="http://www.loc.gov/MARC21/slim" xmlns:cinclude="http://apache.org/cocoon/include/1.0" xmlns:zs="http://www.loc.gov/zing/srw/">
  <leader>00511nz  a2200157n  4500</leader>
  <controlfield tag="001">no2009182880</controlfield>
  <controlfield tag="003">DLC</controlfield>
  <controlfield tag="005">20091114075647.0</controlfield>
  <controlfield tag="008">091112n| acannaabn          |b aaa     c</controlfield>
  <datafield tag="010" ind1=" " ind2=" ">
    <subfield code="a">no2009182880</subfield>
  </datafield>
  <datafield tag="035" ind1=" " ind2=" ">
    <subfield code="a">(OCoLC)oca08304694</subfield>
  </datafield>
  <datafield tag="040" ind1=" " ind2=" ">
    <subfield code="a">CU-L</subfield>
    <subfield code="b">eng</subfield>
    <subfield code="c">CU-L</subfield>
  </datafield>
  <datafield tag="100" ind1="1" ind2=" ">
    <subfield code="a">Hāshim, Khālid Muṣṭafá</subfield>
  </datafield>
  <datafield tag="400" ind1="1" ind2=" ">
    <subfield code="a">هاشم، خالد مصطفى</subfield>
  </datafield>
  <datafield tag="667" ind1=" " ind2=" ">
    <subfield code="a">Non-Latin script reference not evaluated.</subfield>
  </datafield>
  <datafield tag="670" ind1=" " ind2=" ">
    <subfield code="a">His al-Jarīmah, 2007:</subfield>
    <subfield code="b">t.p. (خالد مصطفى هاشم = Khāli'd Muṣṭafá Hāshim)</subfield>
  </datafield>
</record>